<Doc xmlns:gs2="http://www.greenstone.org/gs2" file="HASH7c57\5f57a57c\fb45ab00\33s24.dir\doc.xml"  gs2:docOID="HASH7c575f57a57cfb45ab0033s24" gs2:mode="add">

<Sec  gs2:docOID="HASH7c575f57a57cfb45ab0033s24" gs2:mode="add">
&lt;pre&gt;
 LDR 01820njm  2200493 a 4500
001     5638356
005     19911211095959.5
007     sdubmmennmplu
008     911023s1964    pauppn              eng d
035    _9 (DLC)   91759576
906    _a 7
       _b cbc
       _c copycat
       _d 4
       _e ncip
       _f 19
       _g y-genmusic
010    _a    91759576 
028 02 _a T-2125
       _b Capitol
035    _a (OCoLC)13857024
040    _a OBgU
       _c DLC
       _d DLC
042    _a lccopycat
050 00 _a Capitol T-2125
245 04 _a The Big hits from England and U.S.A.
       _h [sound recording].
260    _a [Scranton, Pa.] :
       _b Capitol,
       _c [1964]
300    _a 1 sound disc :
       _b analog, 33 1/3 rpm, mono. ;
       _c 12 in.
500    _a Popular music.
511 0  _a Various artists.
505 0  _a Can't buy me love (The Beatles) -- I get around (The
 Beach Boys) -- A world without love (Peter and Gordon) -- You
 can't do that (The Beatles) -- Don't worry baby (The Beach
 Boys) -- Nobody I know (Peter and Gordon) -- I don't want to be
 hurt anymore (Nat King Cole) -- Suffer now I must (Cilla Black)
 -- Tears and roses (Al Martino) -- People (Nat King Cole) --
 You're my world (Cilla Black).
650  0 _a Popular music
       _y 1961-1970.
700 1  _a Cole, Nat King,
       _d 1917-1965.
       _4 prf
700 1  _a Black, Cilla.
       _4 prf
700 1  _a Martino, Al.
       _4 prf
710 2  _a Beatles.
       _4 prf
710 2  _a Beach Boys.
       _4 prf
710 2  _a Peter and Gordon.
       _4 prf
740 0  _a Can't buy me love.
740 0  _a I get around.
740 0  _a World without love.
740 0  _a You can't do that.
740 0  _a Don't worry baby.
740 0  _a Nobody I know.
740 0  _a I don't want to be hurt anymore.
740 0  _a Suffer now I must.
740 0  _a Tears and roses.
740 0  _a People.
740 0  _a You're my world.
952    _a New
953    _a TA28
991    _b c-RecSound
       _h Capitol T-2125
       _w MUSIC
&lt;/pre&gt;
 
</Sec>


</Doc>
